
@book
{naturalHandbook,
author={G. Rozenberg and T.H.W. Bäck ,J.N. Kok, Eds},
title={Handbook of Natural Computing},
publisher={Springer},
year={2012}
}

@book{naturalHandbook,
author={Giulio Zambon},
title={Sudoku Programming with C},
publisher={Apress},
year={2015}
}

@article{NombredeDieu,
title = "17 est le nombre de Dieu au sudoku",
journal = "Le monde",
year = "2012",
url = "https://www.lemonde.fr/passeurdesciences/article/2012/01/08/17-est-le-nombre-de-dieu-au-sudoku_5986165_5470970.html",
author = "Pierre Barthélémy",
}

@article{Differents,
title = "There are 5472730538 essentially different Sudoku grids",
year = "2005",
url = "http://www.afjarvis.staff.shef.ac.uk/sudoku/sudgroup.html",
author = "Ed Russell and Frazer Jarvis",
}


@misc
{git,
author={Je sais pas},
title={Tutoriel Git},
note={www.git.com}
}

@misc
{ref4,
author={Les Zéros},
title={Le site du zéro},
month={jun},
year={2009},
note={www.siteduzero.com}
}


@Article{ref,
author={Durand, Patrick AND Durand, René},
journal={Le beau journal},
title={Les tomates tueuses},
year={2007},
month={jan},
pages={24},
notes={sympathique}
}



@manual
{ref2,
title={Réparer son vaisseau},
author={Dupont, Nestor},
year={2009},
organization={L'Alliance}
}


@phdthesis
{ref5,
title={La belle thèse},
author={Barbu, Monsieur},
school={Université},
year={2002}
}
